@inproceedings{Andersen2012,
address = {ACM, New York, NY, USA, 59-68. DOI: http://dx.doi.org/10.1145/2207676.2207687},
author = {Andersen, Erik and Rourke, Eleanor O and Liu, Yun-en and Snider, Richard and Lowdermilk, Jeff and Truong, David and Cooper, Seth and Popovi, Zoran},
booktitle = {Proceedings of the SIGCHI Conference on Human Factors in Computing Systems (CHI '12)},
doi = {10.1145/2207676.2207687},
file = {:Users/vineetp/Library/Application Support/Mendeley Desktop/Downloaded/Andersen et al. - 2012 - The Impact of Tutorials on Games of Varying Complexity(2).pdf:pdf},
isbn = {9781450310154},
pages = {59--68},
title = {{The Impact of Tutorials on Games of Varying Complexity}},
year = {2012}
}
